@ARTICLE{stg,
 author = {Simon L. {Peyton Jones}},
 title = {{Implementing lazy functional languages on stock hardware: the Spineless Tagless G-machine}},
 journal = {Journal of Functional Programming},
 year = {1992},
 volume = {2},
 pages = {127--202}
}

@article{evalapply,
  author    = {Simon Marlow and
               Simon L. {Peyton Jones}},
  title     = {Making a fast curry: push/enter vs. eval/apply for higher-order
               languages},
  journal = {Journal of Functional Programming},
  volume    = {16},
  number    = {4-5},
  year      = {2006},
  pages     = {415-449},
}

@inproceedings{system-fc,
	author = {Martin Sulzmann and Manuel M.T. Chakravarty and Simon L. {Peyton Jones} and Kevin Donnelly},
	booktitle = {{TLDI '07}},
	pages = {53--66},
	title = {{System F} with type equality coercions},
	year = {2007}
}
@misc{core,
	author = {Andrew Tolmach and Tim Chevalier and {the GHC team}},
	title = {An External Representation for the GHC Core Language},
	url = {http://www.haskell.org/ghc/docs/7.4.1/core.pdf},
	year = {2012},
	month = {February},
}

@inproceedings{launchbury,
  author    = {John Launchbury},
  title     = {A Natural Semantics for Lazy Evaluation},
  booktitle = {POPL '93},
  year      = {1993},
  pages     = {144-154},
  ee        = {http://doi.acm.org/10.1145/158511.158618},
  bibsource = {DBLP, http://dblp.uni-trier.de}
}

