@inproceedings{launchbury,
  author    = {John Launchbury},
  title     = {A Natural Semantics for Lazy Evaluation},
  booktitle = {Principles of Programming Languages},
  year      = {1993},
  pages     = {144-154},
  ee        = {http://doi.acm.org/10.1145/158511.158618},
  bibsource = {DBLP, http://dblp.uni-trier.de}
}

@article{nakata,
  author    = {Keiko Nakata and Masahito Hasegawa},
  title     = {Small-step and big-step semantics for call-by-need},
  journal   = {Journal of Functional Programming},
  volume    = {19},
  number    = {6},
  year      = {2009},
  pages     = {699-722},
  doi       = {10.1017/S0956796809990219},
}

@article{nakata_extended,
  author    = {Keiko Nakata and Masahito Hasegawa},
  title     = {Small-step and big-step semantics for call-by-need},
  journal   = {CoRR},
  volume    = {abs/0907.4640},
  year      = {2009},
}

@inproceedings{nakata_blackhole,
    author    = {Keiko Nakata},
    title     = {Denotational semantics for lazy initialization of letrec: black holes as exceptions rather than divergence},
    booktitle = {7th Workshop on Fixed Points in Computer Science},
    year      = {2010},
}

@inproceedings{functionspaces,
  author    = {Lidia S{\'a}nchez-Gil and Mercedes Hidalgo-Herrero and Yolanda Ortega-Mall{\'e}n},
  title     = {Relating function spaces to resourced function spaces},
  booktitle = {{ACM} {S}ymposium on Applied Computing},
  year      = {2011},
  pages     = {1301-1308},
}

@inproceedings{nameless,
  author    = {Lidia S{\'a}nchez-Gil and
               Mercedes Hidalgo-Herrero and
               Yolanda Ortega-Mall{\'e}n},
  title     = {A Locally Nameless Representation for a Natural Semantics
               for Lazy Evaluation},
  booktitle = {International Colloquium on Theoretical Aspects of Computing},
  year      = {2012},
  pages     = {105-119},
  doi       = {10.1007/978-3-642-32943-2_8},
}

@inproceedings{distributed,
  author    = {Lidia S{\'a}nchez-Gil and
               Mercedes Hidalgo-Herrero and
               Yolanda Ortega-Mall{\'e}n},
  title     = {An Operational Semantics for Distributed Lazy Evaluation},
  booktitle = {Trends in Functional Programming},
  volume    = {10},
  pages     = {65-80},
  year      = {2010},
  publisher = {Intellect Books},
  url = {http://dl.acm.org/citation.cfm?id=647187.719994},
}


@phdthesis{holcf,
  author = {Brian Huffman},
  title = {HOLCF '11: A Definitional Domain Theory for Verifying Functional Programs},
  school = {Portland State University},
  year = {2012}
}

@article{nominal,
  author    = {Christian Urban and Cezary Kaliszyk},
  title     = {General Bindings and Alpha-Equivalence in Nominal {Isabelle}},
  journal   = {Logical Methods in Computer Science},
  volume    = {8},
  number    = {2},
  year      = {2012},
  doi       = {10.2168/LMCS-8(2:14)2012},
}

@techreport{mixed,
  author    = {Eekelen, Marko van and Mol, Maarten de},
  title     = {Mixed lazy/strict graph semantics},
  year      = {2004},
  month     = {January},
  number    = {NIII-R0402},
  institution = {Radboud University Nijmegen},
  }

@InProceedings{parallel,
  author = 	 {{Baker-Finch}, Clem and King, David J. and Trinder, Phil W.},
  title = 	 {An Operational Semantics for Parallel Lazy Evaluation},
  booktitle =    {{ACM} {SIGPLAN} {I}nternational Conference on Functional Programming},
  year =         {2000},
}

@techreport{parallel-tr,
 author="Clem Baker-Finch and David King and Jon Hall and Phil Trinder",
 title="An Operational Semantics for Parallel Call-by-Need",
 institution="Faculty of Mathematics and Computing, The Open University",
 year=1999,
 number="99/1"
}

@article{sestoft,
	author = {Peter Sestoft},
	title = {Deriving a lazy abstract machine},
	journal = {Journal of Functional Programming},
	volume = {7},
	issue = {03},
	month = {4},
	year = {1997},
	pages = {231--264},
	doi = {10.1017/S0956796897002712},
}

@inbook{abramsky,
 author = {Samson Abramsky},
 chapter = {The lazy lambda calculus},
 title = {Research topics in functional programming},
 year = {1990},
 pages = {65--116},
} 


@article{afp,
  author    = {Joachim Breitner},
  title     = {The Correctness of {Launchbury}'s Natural Semantics for Lazy Evaluation},
  journal   = {Archive of Formal Proofs},
  year      = {2013},
  month     = jan,
  note      = {\url{http://afp.sf.net/entries/Launchbury.html}, Formal proof development},
  ISSN      = {2150-914x},
}


@Book{isabelle,
  optauthor = {Tobias Nipkow and others},
  author        = {Tobias Nipkow and Lawrence C. Paulson and Markus Wenzel},
  title         = {{Isabelle/HOL} - A Proof Assistant for Higher-Order Logic},
  publisher     = pub:spr,
  series        = lncs,
  volume        = 2283,
  year          = 2002,
  doi           = {10.1007/3-540-45949-9},
}


@inproceedings{indirections,
  author    = {Lidia S{\'a}nchez-Gil and Mercedes Hidalgo-Herrero and Yolanda Ortega-Mall{\'e}n},
  title     = {The role of indirections in lazy natural semantics},
  booktitle = {PSI},
  year      = {2014},
}


@article{locales,
year={2014},
journal={Journal of Automated Reasoning},
volume={52},
number={2},
title={Locales: A Module System for Mathematical Theories},
publisher={Springer},
keywords={Theorem prover; Module system; Theory hierarchy; Theory interpretation; Isabelle},
author={Ballarin, Clemens},
pages={123-153},
language={English}
}
url={http://dx.doi.org/10.1007/s10817-013-9284-7},
doi={10.1007/s10817-013-9284-7},
issn={0168-7433},

@article{arity-afp,
  author  = {Joachim Breitner},
  title   = {{The Safety of Call Arity}},
  journal = {Archive of Formal Proofs},
  month   = feb,
  year    = 2015,
  note    = {\url{http://afp.sf.net/entries/Call_Arity.shtml}, Formal proof development},
}
  ISSN    = {2150-914x},

@inproceedings{arity-haskell,
  author    = {Joachim Breitner},
  title     = {Formally proving a compiler transformation safe},
  booktitle = {Haskell Symposium},
  publisher = {{ACM}},
  year      = {2015},
  doi       = {10.1145/2804302.2804312},
}
  pages     = {35--46},


@inproceedings{tfp,
  title = {{Call Arity}},
  booktitle = {{TFP}'14},
  year = {2015},
  publisher = {Springer},
  pages = {34-50},
  author = {Joachim Breitner},
  series = {LNCS},
  volume = {8843},
}
  doi = {10.1007/978-3-319-14675-1_3},

@misc{core,
    author = {Richard Eisenberg},
    title = {{System FC, as implemented in GHC}},
    url = {https://github.com/ghc/ghc/blob/master/docs/core-spec/core-spec.pdf},
    year = {2013}
}

